@inproceedings{10.1145/985921.986082, author = {Green, Nathan and Kruger, Jan and Faldu, Chirag and St. Amant, Robert}, title = {A Reduced QWERTY Keyboard for Mobile Text Entry}, year = {2004}, isbn = {1581137036}, publisher = {Association for Computing Machinery}, address = {New York, NY, USA}, url = {https://doi.org/10.1145/985921.986082}, doi = {10.1145/985921.986082}, booktitle = {CHI ’04 Extended Abstracts on Human Factors in Computing Systems}, pages = {1429–1432}, numpages = {4}, keywords = {multi-tap, text entry, input devices, keyboards}, location = {Vienna, Austria}, series = {CHI EA ’04} }

@inproceedings{10.1145/1851600.1851630, author = {Scott, James and Izadi, Shahram and Rezai, Leila Sadat and Ruszkowski, Dominika and Bi, Xiaojun and Balakrishnan, Ravin}, title = {RearType: Text Entry Using Keys on the Back of a Device}, year = {2010}, isbn = {9781605588353}, publisher = {Association for Computing Machinery}, address = {New York, NY, USA}, url = {https://doi.org/10.1145/1851600.1851630}, doi = {10.1145/1851600.1851630}, booktitle = {Proceedings of the 12th International Conference on Human Computer Interaction with Mobile Devices and Services}, pages = {171–180}, numpages = {10}, keywords = {tablet pc, keyboard, text entry, mobile devices}, location = {Lisbon, Portugal}, series = {MobileHCI ’10} }

@inproceedings{10.1145/2212776.2223676, author = {Kim, Hwan and Row, Yea-kyung and Lee, Geehyuk}, title = {Back Keyboard: A Physical Keyboard on Backside of Mobile Phone Using Qwerty}, year = {2012}, isbn = {9781450310161}, publisher = {Association for Computing Machinery}, address = {New York, NY, USA}, url = {https://doi.org/10.1145/2212776.2223676}, doi = {10.1145/2212776.2223676}, booktitle = {CHI ’12 Extended Abstracts on Human Factors in Computing Systems}, pages = {1583–1588}, numpages = {6}, keywords = {mobile devices, backside interaction, keyboard, handheld devices, text entry}, location = {Austin, Texas, USA}, series = {CHI EA ’12} }

@article{10.1016/j.ijhcs.2008.03.004, author = {Wobbrock, Jacob O. and Myers, Brad A. and Aung, Htet Htet}, title = {The Performance of Hand Postures in Front- and Back-of-Device Interaction for Mobile Computing}, year = {2008}, issue_date = {December, 2008}, publisher = {Academic Press, Inc.}, address = {USA}, volume = {66}, number = {12}, issn = {1071-5819}, url = {https://doi.org/10.1016/j.ijhcs.2008.03.004}, doi = {10.1016/j.ijhcs.2008.03.004}, journal = {Int. J. Hum.-Comput. Stud.}, month = dec, pages = {857–875}, numpages = {19}, keywords = {Finger input, Shape orientation, Text input, Touch screen, Throughput, Back-of-device, Touchpad, PDA, Handheld device, Text entry, Mobile device, Pocket PC, Letter orientation, Thumb input, Fitts’ law, EdgeWrite, Mobile phone, Front-of-device} }

@inproceedings{10.1145/1357054.1357300, author = {Hoggan, Eve and Brewster, Stephen A. and Johnston, Jody}, title = {Investigating the Effectiveness of Tactile Feedback for Mobile Touchscreens}, year = {2008}, isbn = {9781605580111}, publisher = {Association for Computing Machinery}, address = {New York, NY, USA}, url = {https://doi.org/10.1145/1357054.1357300}, doi = {10.1145/1357054.1357300}, booktitle = {Proceedings of the SIGCHI Conference on Human Factors in Computing Systems}, pages = {1573–1582}, numpages = {10}, keywords = {multimodal interaction, fingertip interaction, tactile feedback, mobile interaction, touchscreens}, location = {Florence, Italy}, series = {CHI ’08} }

@inproceedings{10.1145/1518701.1518750, author = {Lee, Seungyon and Zhai, Shumin}, title = {The Performance of Touch Screen Soft Buttons}, year = {2009}, isbn = {9781605582467}, publisher = {Association for Computing Machinery}, address = {New York, NY, USA}, url = {https://doi.org/10.1145/1518701.1518750}, doi = {10.1145/1518701.1518750}, booktitle = {Proceedings of the SIGCHI Conference on Human Factors in Computing Systems}, pages = {309–318}, numpages = {10}, keywords = {mobile, touch screen, stylus, input, feedback, keyboard, finger, buttons, tangible interface}, location = {Boston, MA, USA}, series = {CHI ’09} }

@inproceedings{10.1145/302979.302983, author = {MacKenzie, I. Scott and Zhang, Shawn X.}, title = {The Design and Evaluation of a High-Performance Soft Keyboard}, year = {1999}, isbn = {0201485591}, publisher = {Association for Computing Machinery}, address = {New York, NY, USA}, url = {https://doi.org/10.1145/302979.302983}, doi = {10.1145/302979.302983}, booktitle = {Proceedings of the SIGCHI Conference on Human Factors in Computing Systems}, pages = {25–31}, numpages = {7}, keywords = {mobile systems, digraph probabilities, soft keyboards, pen input, Fitts’ law, stylus input, linguistic models}, location = {Pittsburgh, Pennsylvania, USA}, series = {CHI ’99} }

@inproceedings{10.1145/2047196.2047257, author = {Li, Frank Chun Yat and Guy, Richard T. and Yatani, Koji and Truong, Khai N.}, title = {The 1line Keyboard: A QWERTY Layout in a Single Line}, year = {2011}, isbn = {9781450307161}, publisher = {Association for Computing Machinery}, address = {New York, NY, USA}, url = {https://doi.org/10.1145/2047196.2047257}, doi = {10.1145/2047196.2047257}, booktitle = {Proceedings of the 24th Annual ACM Symposium on User Interface Software and Technology}, pages = {461–470}, numpages = {10}, keywords = {reduced keyboard, keystroke level model, word disambiguation, soft keyboard, text entry}, location = {Santa Barbara, California, USA}, series = {UIST ’11} }

@inproceedings{10.1145/1753326.1753367, author = {Bi, Xiaojun and Smith, Barton A. and Zhai, Shumin}, title = {Quasi-Qwerty Soft Keyboard Optimization}, year = {2010}, isbn = {9781605589299}, publisher = {Association for Computing Machinery}, address = {New York, NY, USA}, url = {https://doi.org/10.1145/1753326.1753367}, doi = {10.1145/1753326.1753367}, booktitle = {Proceedings of the SIGCHI Conference on Human Factors in Computing Systems}, pages = {283–286}, numpages = {4}, keywords = {touch screens, qwerty, soft keyboard, optimization}, location = {Atlanta, Georgia, USA}, series = {CHI ’10} }

@inproceedings{10.1145/2470654.2481387, author = {Oney, Stephen and Harrison, Chris and Ogan, Amy and Wiese, Jason}, title = {ZoomBoard: A Diminutive Qwerty Soft Keyboard Using Iterative Zooming for Ultra-Small Devices}, year = {2013}, isbn = {9781450318990}, publisher = {Association for Computing Machinery}, address = {New York, NY, USA}, url = {https://doi.org/10.1145/2470654.2481387}, doi = {10.1145/2470654.2481387}, booktitle = {Proceedings of the SIGCHI Conference on Human Factors in Computing Systems}, pages = {2799–2802}, numpages = {4}, keywords = {mobile input, zooming user interfaces, text entry, handheld device, fat finger, interaction technique}, location = {Paris, France}, series = {CHI ’13} }

@ARTICLE {6926662,
author = {A. Komninos and M. Dunlop},
journal = {IEEE Pervasive Computing},
title = {Text Input on a Smart Watch},
year = {2014},
volume = {13},
number = {04},
issn = {1558-2590},
pages = {50-58},
keywords = {wearable computers;smart devices;watches;pervasive computing;mobile communication;mobile handsets},
doi = {10.1109/MPRV.2014.77},
publisher = {IEEE Computer Society},
address = {Los Alamitos, CA, USA},
month = {oct}
}

@inproceedings{10.1145/2642918.2647354, author = {Chen, Xiang "Anthony" and Grossman, Tovi and Fitzmaurice, George}, title = {Swipeboard: A Text Entry Technique for Ultra-Small Interfaces That Supports Novice to Expert Transitions}, year = {2014}, isbn = {9781450330695}, publisher = {Association for Computing Machinery}, address = {New York, NY, USA}, url = {https://doi.org/10.1145/2642918.2647354}, doi = {10.1145/2642918.2647354}, booktitle = {Proceedings of the 27th Annual ACM Symposium on User Interface Software and Technology}, pages = {615–620}, numpages = {6}, keywords = {text entry, mobile device, swipeboard, input technique}, location = {Honolulu, Hawaii, USA}, series = {UIST 14} }

@inproceedings{10.1145/2702123.2702273, author = {Hong, Jonggi and Heo, Seongkook and Isokoski, Poika and Lee, Geehyuk}, title = {SplitBoard: A Simple Split Soft Keyboard for Wristwatch-Sized Touch Screens}, year = {2015}, isbn = {9781450331456}, publisher = {Association for Computing Machinery}, address = {New York, NY, USA}, url = {https://doi.org/10.1145/2702123.2702273}, doi = {10.1145/2702123.2702273}, booktitle = {Proceedings of the 33rd Annual ACM Conference on Human Factors in Computing Systems}, pages = {1233–1236}, numpages = {4}, keywords = {text entry, soft keyboard, smartwatch, splitboard}, location = {Seoul, Republic of Korea}, series = {CHI ’15} }

@inproceedings{10.1145/2858036.2858242, author = {Gordon, Mitchell and Ouyang, Tom and Zhai, Shumin}, title = {WatchWriter: Tap and Gesture Typing on a Smartwatch Miniature Keyboard with Statistical Decoding}, year = {2016}, isbn = {9781450333627}, publisher = {Association for Computing Machinery}, address = {New York, NY, USA}, url = {https://doi.org/10.1145/2858036.2858242}, doi = {10.1145/2858036.2858242}, booktitle = {Proceedings of the 2016 CHI Conference on Human Factors in Computing Systems}, pages = {3817–3821}, numpages = {5}, keywords = {text entry, watchwriter, smartwatch, soft keyboard, mobile input}, location = {San Jose, California, USA}, series = {CHI ’16} }

@inproceedings{10.1145/1978942.1979301, author = {Findlater, Leah and Wobbrock, Jacob O. and Wigdor, Daniel}, title = {Typing on Flat Glass: Examining Ten-Finger Expert Typing Patterns on Touch Surfaces}, year = {2011}, isbn = {9781450302289}, publisher = {Association for Computing Machinery}, address = {New York, NY, USA}, url = {https://doi.org/10.1145/1978942.1979301}, doi = {10.1145/1978942.1979301}, booktitle = {Proceedings of the SIGCHI Conference on Human Factors in Computing Systems}, pages = {2453–2462}, numpages = {10}, keywords = {tabletop computing, touch-typing, multi-touch input, user study}, location = {Vancouver, BC, Canada}, series = {CHI ’11} }

@inproceedings{10.1145/3173574.3174013, author = {Zhu, Suwen and Luo, Tianyao and Bi, Xiaojun and Zhai, Shumin}, title = {Typing on an Invisible Keyboard}, year = {2018}, isbn = {9781450356206}, publisher = {Association for Computing Machinery}, address = {New York, NY, USA}, url = {https://doi.org/10.1145/3173574.3174013}, doi = {10.1145/3173574.3174013}, booktitle = {Proceedings of the 2018 CHI Conference on Human Factors in Computing Systems}, pages = {1–13}, numpages = {13}, keywords = {virtual keyboards, text entry, touchscreen}, location = {Montreal QC, Canada}, series = {CHI ’18} }

@inproceedings{10.1145/3173574.3174220, author = {Dhakal, Vivek and Feit, Anna Maria and Kristensson, Per Ola and Oulasvirta, Antti}, title = {Observations on Typing from 136 Million Keystrokes}, year = {2018}, isbn = {9781450356206}, publisher = {Association for Computing Machinery}, address = {New York, NY, USA}, url = {https://doi.org/10.1145/3173574.3174220}, doi = {10.1145/3173574.3174220}, booktitle = {Proceedings of the 2018 CHI Conference on Human Factors in Computing Systems}, pages = {1–12}, numpages = {12}, keywords = {text entry, modern typing behavior, large-scale study}, location = {Montreal QC, Canada}, series = {CHI ’18} }

@inproceedings{10.1145/2935334.2935360, author = {Mottelson, Aske and Larsen, Christoffer and Lyderik, Mikkel and Strohmeier, Paul and Knibbe, Jarrod}, title = {Invisiboard: Maximizing Display and Input Space with a Full Screen Text Entry Method for Smartwatches}, year = {2016}, isbn = {9781450344081}, publisher = {Association for Computing Machinery}, address = {New York, NY, USA}, url = {https://doi.org/10.1145/2935334.2935360}, doi = {10.1145/2935334.2935360}, booktitle = {Proceedings of the 18th International Conference on Human-Computer Interaction with Mobile Devices and Services}, pages = {53–59}, numpages = {7}, keywords = {swipe, text entry, smartwatch, wearables}, location = {Florence, Italy}, series = {MobileHCI ’16} }

@inproceedings{10.1145/642611.642630, author = {Zhai, Shumin and Kristensson, Per-Ola}, title = {Shorthand Writing on Stylus Keyboard}, year = {2003}, isbn = {1581136307}, publisher = {Association for Computing Machinery}, address = {New York, NY, USA}, url = {https://doi.org/10.1145/642611.642630}, doi = {10.1145/642611.642630}, booktitle = {Proceedings of the SIGCHI Conference on Human Factors in Computing Systems}, pages = {97–104}, numpages = {8}, keywords = {text input, pervasive computing, text-entry, handheld devices, mobile}, location = {Ft. Lauderdale, Florida, USA}, series = {CHI ’03} }

@inproceedings{10.1145/1520340.1520380, author = {Zhai, Shumin and Kristensson, Per Ola and Gong, Pengjun and Greiner, Michael and Peng, Shilei Allen and Liu, Liang Mico and Dunnigan, Anthony}, title = {Shapewriter on the Iphone: From the Laboratory to the Real World}, year = {2009}, isbn = {9781605582474}, publisher = {Association for Computing Machinery}, address = {New York, NY, USA}, url = {https://doi.org/10.1145/1520340.1520380}, doi = {10.1145/1520340.1520380}, booktitle = {CHI ’09 Extended Abstracts on Human Factors in Computing Systems}, pages = {2667–2670}, numpages = {4}, keywords = {mobile, text input, shapewriter, touch screen, iPhone}, location = {Boston, MA, USA}, series = {CHI EA ’09} }

@inproceedings{10.1145/2380116.2380136, author = {Bi, Xiaojun and Chelba, Ciprian and Ouyang, Tom and Partridge, Kurt and Zhai, Shumin}, title = {Bimanual Gesture Keyboard}, year = {2012}, isbn = {9781450315807}, publisher = {Association for Computing Machinery}, address = {New York, NY, USA}, url = {https://doi.org/10.1145/2380116.2380136}, doi = {10.1145/2380116.2380136}, booktitle = {Proceedings of the 25th Annual ACM Symposium on User Interface Software and Technology}, pages = {137–146}, numpages = {10}, keywords = {touch screen, text entry}, location = {Cambridge, Massachusetts, USA}, series = {UIST ’12} }

@article{twothumb2002,
author = {Mackenzie, I. and Soukoreff, R.},
year = {2002},
month = {06},
pages = {},
title = {A Model of Two-Thumb Text Entry},
journal = {Proceedings - Graphics Interface}
}

@inproceedings{10.1145/2371574.2371612, author = {Azenkot, Shiri and Zhai, Shumin}, title = {Touch Behavior with Different Postures on Soft Smartphone Keyboards}, year = {2012}, isbn = {9781450311052}, publisher = {Association for Computing Machinery}, address = {New York, NY, USA}, url = {https://doi.org/10.1145/2371574.2371612}, doi = {10.1145/2371574.2371612}, booktitle = {Proceedings of the 14th International Conference on Human-Computer Interaction with Mobile Devices and Services}, pages = {251–260}, numpages = {10}, keywords = {touch interfaces, mobile text entry}, location = {San Francisco, California, USA}, series = {MobileHCI ’12} }

@inproceedings{10.1145/2470654.2481386, author = {Goel, Mayank and Jansen, Alex and Mandel, Travis and Patel, Shwetak N. and Wobbrock, Jacob O.}, title = {ContextType: Using Hand Posture Information to Improve Mobile Touch Screen Text Entry}, year = {2013}, isbn = {9781450318990}, publisher = {Association for Computing Machinery}, address = {New York, NY, USA}, url = {https://doi.org/10.1145/2470654.2481386}, doi = {10.1145/2470654.2481386}, booktitle = {Proceedings of the SIGCHI Conference on Human Factors in Computing Systems}, pages = {2795–2798}, numpages = {4}, keywords = {text entry, touch screen, virtual keyboard, hand posture, grip, situational impairments, mobile devices}, location = {Paris, France}, series = {CHI ’13} }

@inproceedings{10.1145/1357054.1357147, author = {Clawson, James and Lyons, Kent and Rudnick, Alex and Iannucci, Robert A. and Starner, Thad}, title = {Automatic Whiteout++: Correcting Mini-QWERTY Typing Errors Using Keypress Timing}, year = {2008}, isbn = {9781605580111}, publisher = {Association for Computing Machinery}, address = {New York, NY, USA}, url = {https://doi.org/10.1145/1357054.1357147}, doi = {10.1145/1357054.1357147}, booktitle = {Proceedings of the SIGCHI Conference on Human Factors in Computing Systems}, pages = {573–582}, numpages = {10}, keywords = {error correction, keyboard input, mini-qwerty, mobile phones, mobile text entry, mobile text input}, location = {Florence, Italy}, series = {CHI ’08} }

@inproceedings{10.1145/1719970.1719986, author = {Gunawardana, Asela and Paek, Tim and Meek, Christopher}, title = {Usability Guided Key-Target Resizing for Soft Keyboards}, year = {2010}, isbn = {9781605585154}, publisher = {Association for Computing Machinery}, address = {New York, NY, USA}, url = {https://doi.org/10.1145/1719970.1719986}, doi = {10.1145/1719970.1719986}, booktitle = {Proceedings of the 15th International Conference on Intelligent User Interfaces}, pages = {111–118}, numpages = {8}, keywords = {touch model, source-channel key-target resizing, language model}, location = {Hong Kong, China}, series = {IUI ’10} }

@inproceedings{10.1145/2207676.2208520, author = {Findlater, Leah and Wobbrock, Jacob}, title = {Personalized Input: Improving Ten-Finger Touchscreen Typing through Automatic Adaptation}, year = {2012}, isbn = {9781450310154}, publisher = {Association for Computing Machinery}, address = {New York, NY, USA}, url = {https://doi.org/10.1145/2207676.2208520}, doi = {10.1145/2207676.2208520}, booktitle = {Proceedings of the SIGCHI Conference on Human Factors in Computing Systems}, pages = {815–824}, numpages = {10}, keywords = {personalization, touchscreen text input, adaptive interfaces}, location = {Austin, Texas, USA}, series = {CHI ’12} }

@inproceedings{10.1145/2702123.2702135, author = {Vertanen, Keith and Memmi, Haythem and Emge, Justin and Reyal, Shyam and Kristensson, Per Ola}, title = {VelociTap: Investigating Fast Mobile Text Entry Using Sentence-Based Decoding of Touchscreen Keyboard Input}, year = {2015}, isbn = {9781450331456}, publisher = {Association for Computing Machinery}, address = {New York, NY, USA}, url = {https://doi.org/10.1145/2702123.2702135}, doi = {10.1145/2702123.2702135}, booktitle = {Proceedings of the 33rd Annual ACM Conference on Human Factors in Computing Systems}, pages = {659–668}, numpages = {10}, keywords = {touchscreen keyboard, sentence decoding, mobile text entry}, location = {Seoul, Republic of Korea}, series = {CHI ’15} }

@inproceedings{10.1145/2470654.2481384, author = {Yin, Ying and Ouyang, Tom Yu and Partridge, Kurt and Zhai, Shumin}, title = {Making Touchscreen Keyboards Adaptive to Keys, Hand Postures, and Individuals: A Hierarchical Spatial Backoff Model Approach}, year = {2013}, isbn = {9781450318990}, publisher = {Association for Computing Machinery}, address = {New York, NY, USA}, url = {https://doi.org/10.1145/2470654.2481384}, doi = {10.1145/2470654.2481384}, booktitle = {Proceedings of the SIGCHI Conference on Human Factors in Computing Systems}, pages = {2775–2784}, numpages = {10}, keywords = {personalization, adaptive model, touchscreen text input, posture adaptation}, location = {Paris, France}, series = {CHI ’13} }